@misc{vaswani2023attentionneed,
      title={Attention Is All You Need}, 
      author={Ashish Vaswani and Noam Shazeer and Niki Parmar and Jakob Uszkoreit and Llion Jones and Aidan N. Gomez and Lukasz Kaiser and Illia Polosukhin},
      year={2023},
      eprint={1706.03762},
      archivePrefix={arXiv},
      primaryClass={cs.CL},
      url={https://arxiv.org/abs/1706.03762}, 
}

@book{timsina2024building,
  title={Building Transformer Models with PyTorch 2.0: NLP, computer vision, and speech processing with PyTorch and Hugging Face (English Edition)},
  author={Timsina, P.},
  isbn={9789355517494},
  url={https://books.google.cz/books?id=7P35EAAAQBAJ},
  year={2024},
  publisher={BPB Publications}
}

@misc{Hickson2016ASTR505,
  author       = {Paul Hickson},
  title        = {{ASTR 505: Galactic Astronomy – Course Notes}},
  howpublished = {Course notes for ASTR 505 (Galactic Astronomy), Department of Physics and Astronomy, The University of British Columbia},
  url          = {https://phas.ubc.ca/~hickson/astr505/astr505_2016.pdf},
  month        = {January},
  year         = {2016},
  note         = {HCG59; NASA/ESA HST; © Paul Hickson},
}

@article{cao2024galaxy,
  title={Galaxy morphology classification based on Convolutional vision Transformer (CvT)},
  author={Cao, Jie and Xu, Tingting and Deng, Yuhe and Deng, Linhua and Yang, Mingcun and Liu, Zhijing and Zhou, Weihong},
  journal={Astronomy \& Astrophysics},
  volume={683},
  pages={A42},
  year={2024},
  publisher={EDP Sciences},
  url={https://www.aanda.org/articles/aa/abs/2024/03/aa48544-23/aa48544-23.html}
}

@misc{Bonham2022Galaxies,
  author       = {Janine Bonham},
  title        = {{Types of Galaxies\,–\,Spiral, Elliptical, Irregular and More}},
  howpublished = {Blog post on \emph{Learn the Sky}},
  url          = {https://www.learnthesky.com/blog/types_of_galaxies},
  year         = {2022},
  month        = apr,
  day          = {2},
  note         = {Accessed: 4 March 2025},
}

@book{van1998galaxy,
  title={Galaxy Morphology and Classification},
  author={Van den Bergh, S.},
  isbn={9780521623353},
  lccn={b98031198},
  url={https://books.google.cz/books?id=geEVkpueEPcC},
  year={1998},
  publisher={Cambridge University Press}
}

@article{Li_2023,
   title={Galaxy morphology classification using multiscale convolution capsule network},
   volume={523},
   ISSN={1365-2966},
   url={http://dx.doi.org/10.1093/mnras/stad854},
   DOI={10.1093/mnras/stad854},
   number={1},
   journal={Monthly Notices of the Royal Astronomical Society},
   publisher={Oxford University Press (OUP)},
   author={Li, Guangping and Xu, Tingting and Li, Liping and Gao, Xianjun and Liu, Zhijing and Cao, Jie and Yang, Mingcun and Zhou, Weihong},
   year={2023},
   month=may, pages={488–497}, 
}

@article{Hausen_2020,
   title={Morpheus: A Deep Learning Framework for the Pixel-level Analysis of Astronomical Image Data},
   volume={248},
   ISSN={1538-4365},
   url={http://dx.doi.org/10.3847/1538-4365/ab8868},
   DOI={10.3847/1538-4365/ab8868},
   number={1},
   journal={The Astrophysical Journal Supplement Series},
   publisher={American Astronomical Society},
   author={Hausen, Ryan and Robertson, Brant E.},
   year={2020},
   month=may, pages={20} 
}

@misc{walmsley2024scalinglawsgalaxyimages,
      title={Scaling Laws for Galaxy Images}, 
      author={Mike Walmsley and Micah Bowles and Anna M. M. Scaife and Jason Shingirai Makechemu and Alexander J. Gordon and Annette M. N. Ferguson and Robert G. Mann and James Pearson and Jürgen J. Popp and Jo Bovy and Josh Speagle and Hugh Dickinson and Lucy Fortson and Tobias Géron and Sandor Kruk and Chris J. Lintott and Kameswara Mantha and Devina Mohan and David O'Ryan and Inigo V. Slijepevic},
      year={2024},
      eprint={2404.02973},
      archivePrefix={arXiv},
      primaryClass={cs.CV},
      url={https://arxiv.org/abs/2404.02973}, 
}

@misc{song2024usmorphupdatedframeworkautomatic,
      title={USmorph: An Updated Framework of Automatic Classification of Galaxy Morphologies and Its Application to Galaxies in the COSMOS Field}, 
      author={Jie Song and GuanWen Fang and Shuo Ba and Zesen Lin and Yizhou Gu and Chichun Zhou and Tao Wang and Cai-Na Hao and Guilin Liu and Hongxin Zhang and Yao Yao and Xu Kong},
      year={2024},
      eprint={2404.15701},
      archivePrefix={arXiv},
      primaryClass={astro-ph.GA},
      url={https://arxiv.org/abs/2404.15701}, 
}

@book{ayyadevara2024modern,
  title={Modern Computer Vision with PyTorch: A practical roadmap from deep learning fundamentals to advanced applications and Generative AI},
  author={Ayyadevara, V.K. and Reddy, Y.},
  isbn={9781803240930},
  url={https://books.google.cz/books?id=_LUMEQAAQBAJ},
  year={2024},
  publisher={Packt Publishing}
}

@misc{dosovitskiy2021imageworth16x16words,
      title={An Image is Worth 16x16 Words: Transformers for Image Recognition at Scale}, 
      author={Alexey Dosovitskiy and Lucas Beyer and Alexander Kolesnikov and Dirk Weissenborn and Xiaohua Zhai and Thomas Unterthiner and Mostafa Dehghani and Matthias Minderer and Georg Heigold and Sylvain Gelly and Jakob Uszkoreit and Neil Houlsby},
      year={2021},
      eprint={2010.11929},
      archivePrefix={arXiv},
      primaryClass={cs.CV},
      url={https://arxiv.org/abs/2010.11929}, 
}

@misc{wang2021crossformerversatilevisiontransformer,
      title={CrossFormer: A Versatile Vision Transformer Hinging on Cross-scale Attention}, 
      author={Wenxiao Wang and Lu Yao and Long Chen and Binbin Lin and Deng Cai and Xiaofei He and Wei Liu},
      year={2021},
      eprint={2108.00154},
      archivePrefix={arXiv},
      primaryClass={cs.CV},
      url={https://arxiv.org/abs/2108.00154}, 
}

@techreport{manning2020ai,
  author       = {Manning, Christopher D.},
  title        = {{AI Definitions}},
  institution  = {Stanford Institute for Human-Centered Artificial Intelligence},
  month        = sep,
  year         = {2020},
  url          = {https://hai.stanford.edu/sites/default/files/2020-09/AI-Definitions-HAI.pdf},
}

@article{Willett_2013,
   title={Galaxy Zoo 2: detailed morphological classifications for 304 122 galaxies from the Sloan Digital Sky Survey},
   volume={435},
   ISSN={0035-8711},
   url={http://dx.doi.org/10.1093/mnras/stt1458},
   DOI={10.1093/mnras/stt1458},
   number={4},
   journal={Monthly Notices of the Royal Astronomical Society},
   publisher={Oxford University Press (OUP)},
   author={Willett, Kyle W. and Lintott, Chris J. and Bamford, Steven P. and Masters, Karen L. and Simmons, Brooke D. and Casteels, Kevin R. V. and Edmondson, Edward M. and Fortson, Lucy F. and Kaviraj, Sugata and Keel, William C. and Melvin, Thomas and Nichol, Robert C. and Raddick, M. Jordan and Schawinski, Kevin and Simpson, Robert J. and Skibba, Ramin A. and Smith, Arfon M. and Thomas, Daniel},
   year={2013},
   month=sep, pages={2835–2860} }

@book{siddiqui2025mastering,
  title={Mastering Computer Vision with PyTorch 2.0: Discover, Design, and Build Cutting-Edge High Performance Computer Vision Solutions with PyTorch 2.0 and Deep Learning Techniques (English Edition)},
  author={Siddiqui, M.A.},
  isbn={9789348107084},
  url={https://books.google.cz/books?id=8Wk_EQAAQBAJ},
  year={2025},
  publisher={Amazon Digital Services LLC-Kdp}
}

@misc{lin2022galaxymorphologicalclassificationefficient,
      title={Galaxy Morphological Classification with Efficient Vision Transformer}, 
      author={Joshua Yao-Yu Lin and Song-Mao Liao and Hung-Jin Huang and Wei-Ting Kuo and Olivia Hsuan-Min Ou},
      year={2022},
      eprint={2110.01024},
      archivePrefix={arXiv},
      primaryClass={astro-ph.GA},
      url={https://arxiv.org/abs/2110.01024}, 
}